

@inproceedings{Burger:05,
  title={Generating an entailment corpus from news headlines},
  author={Burger, J. and Ferro, L.},
  booktitle={Proceedings of the ACL Workshop on Empirical Modeling of Semantic Equivalence and Entailment},
  pages={49--54},
  year={2005},
  organization={Association for Computational Linguistics}
}

@inproceedings{Hickl:06,
  title={Recognizing textual entailment with LCCâ€™s GROUNDHOG system},
  author={Hickl, A. and Williams, J. and Bensley, J. and Roberts, K. and Rink, B. and Shi, Y.},
  booktitle={Proceedings of the Second PASCAL Challenges Workshop},
  year={2006}
}
